<?xml version="1.0" encoding="UTF-8"?><record xmlns="http://www.loc.gov/MARC21/slim" xmlns:cinclude="http://apache.org/cocoon/include/1.0" xmlns:zs="http://www.loc.gov/zing/srw/">
  <leader>00442cz  a2200133n  4500</leader>
  <controlfield tag="001">n 2008048313</controlfield>
  <controlfield tag="003">DLC</controlfield>
  <controlfield tag="005">20100429074935.0</controlfield>
  <controlfield tag="008">080718n| acannaabn          |n aac      </controlfield>
  <datafield tag="010" ind1=" " ind2=" ">
    <subfield code="a">n 2008048313</subfield>
  </datafield>
  <datafield tag="035" ind1=" " ind2=" ">
    <subfield code="a">(OCoLC)oca07825195</subfield>
  </datafield>
  <datafield tag="040" ind1=" " ind2=" ">
    <subfield code="a">DLC</subfield>
    <subfield code="b">eng</subfield>
    <subfield code="c">DLC</subfield>
    <subfield code="d">CtY-Mus</subfield>
    <subfield code="d">WaU</subfield>
  </datafield>
  <datafield tag="100" ind1="1" ind2=" ">
    <subfield code="a">Kerry, Gordon,</subfield>
    <subfield code="d">1961-</subfield>
    <subfield code="t">Nocturne,</subfield>
    <subfield code="m">orchestras (2)</subfield>
  </datafield>
  <datafield tag="670" ind1=" " ind2=" ">
    <subfield code="a">Kerry, Gordon. Harvesting the solstice thunders, p2004:</subfield>
    <subfield code="b">insert (Nocturne for double chamber orchestra)</subfield>
  </datafield>
</record>